@misc{iso1,
	author = {OSO/IEC},
	title = {{Information technology - Security techniques -
	Information security management systems -
	Requirements}},
	howpublished = "\url{https://www.iso.org/isoiec-27001-information-security.html}",
	year = {2013}, 
	note = "[Online; accessed 23-October-2021]"
}


@misc{gdpr,
	author = {Official Journal of the European Union},
	title = {{General Data Protection Regulation}},
	howpublished = "\url{https://gdpr.eu/}",
	year = {2016}, 
	note = "[Online; accessed 23-October-2021]"
}